
% The BEPSys page of the project
%   Assuming here that Stefan Lukosh is the author of the entry,
%   otherwise we have no author to reference to (which, in
%   turn, will prevent sorting our bibliography and cause
%   problems with APA-style references).
@misc{bepsys,
title  = "Collaborative augmented reality tower game",
author = "S.G. Lukosh",
year   = 2015,
note   = "\url{http://bepsys.herokuapp.com/projects/view/82},
          Accessed 23-April-2015"
}

% A book describing situational awareness.
@book{endsley,
title     = "Designing for situational awareness: An approach to user-centered design",
author    = "M.R. Endsley and B. Bolte and D.G. Jones",
publisher = "Taylor and Francis",
year      = 2003
}

% An article describing collaboration in games.
@article{zagal,
title   = "Collaborative games: lessons learned from board games.",
author  = "J.P. Zagal and J. Rick and I. Hsi",
journal = "Simulation \& Gaming Vol.37 No.1",
month   = "March",
year    = 2006
}

@misc{uart,
title  = "Unity AR Toolkit",
author = "B. MacIntyre",
year   = 2012,
note   = "\url{https://research.cc.gatech.edu/uart/content/about},
          Accessed 28-April-2015"
}

@misc{metaone,
title  = "META One",
author = "Meta",
year   = 2015,
note   = "\url{https://www.getameta.com/},
          Accessed 28-April-2015"
}

@misc{riftdev,
title  = "Oculus Rift Development",
author = "OculusVR",
year   = 2015,
note   = "\url{https://developer.oculus.com/},
          Accessed 28-April-2015"
}

@misc{vuforia,
title  = "Vuforia",
author = "Qualcomm",
year   = 2015,
note   = "\url{https://www.qualcomm.com/products/vuforia},
          Accessed 28-April-2015"
}

@misc{metaio,
title  = "Metaio",
author = "Metaio",
year   = 2015,
note   = "\url{http://dev.metaio.com/sdk/tutorials/see-through-glasses/},
          Accessed 28-April-2015"
}

@misc{cardboard,
title  = "Cardboard",
author = "Google",
year   = 2015,
note   = "\url{https://www.google.com/get/cardboard/},
          Accessed 01-May-2015"
}

@misc{gqr,
title  = "Graphical QR codes",
author = "Visualead",
year   = 2015,
note   = "\url{http://nl.visualead.com/},
          Accessed 01-May-2015"
}

@misc{tiled,
    title  = "Tiled Map Editor",
    author = "T. Lindeijer",
    year   = 2014,
    note   = "\url{http://www.mapeditor.org/},
    Accessed 23-June-2015"
}